% Um software que pode ajudar a gerir este ficheiro: http://jabref.sourceforge.net
%apresentam-se alguns exemplos

% bibtex

@electronic{AndroidDoc,
  author       = {Google},
  howpublished = {\url{http://developer.android.com/docs}},
  note         = {Consultado em 2020/11/20},
  title        = {Documentation for app developers},
  year         = {2020}
}

@book{book:Brooks1995,
  author    = {Brooks, Frederick P. Jr.},
  isbn      = {0-201-83595-9},
  publisher = {Addison-Wesley},
  title     = {{The Mythical Man-Month Essays on Software Engineering Anniversary Edition}},
  year      = {1995}
}


@article{Chen1976,
  acmid      = {320440},
  address    = {New York, NY, USA},
  author     = {Chen, Peter Pin-Shan},
  doi        = {10.1145/320434.320440},
  issn       = {0362-5915},
  issue_date = {March 1976},
  journal    = {ACM Trans. Database Syst.},
  keywords   = {Data Base Task Group, data definition and manipulation, data integrity and consistency, data models, database design, entity set model, entity-relationship model, logigcal view of data, network model, relational model, semantics of data},
  month      = mar,
  number     = {1},
  numpages   = {28},
  pages      = {9--36},
  publisher  = {ACM},
  title      = {The entity-relationship model --- toward a unified view of data},
  url        = {http://doi.acm.org/10.1145/320434.320440},
  volume     = {1},
  year       = {1976}
}

@inproceedings{Huetal2000,
  address   = {FL, USA},
  author    = {J. Hu and H.R. Wu and A. Jennings and X. Wang},
  booktitle = {Proceedings of the World Multiconference on Systemics, Cybernetics and Informatics, (SCI 2000), Florida, USA, 23-26 July 2000},
  pages     = {398--403},
  publisher = {International Institute of Informatics and Systemics},
  title     = {Fast and robust equalization: A case study},
  year      = {2000}
}

@misc{longurl,
  author       = {Someone},
  howpublished = {\url{http://areall.yveryver.yverylon.gurl.justtosee.ifit.breksather.ightpositon.com/docs}},
  note         = {Consultado em 2020/11/20},
  title        = {A long {URL}},
  year         = {2020}
}
